@book{kumari01,
  author       = {Seema Kumari},
  title        = "Industries in Ancient India, 600 BC-500 AD",
  publisher    = {Janaki Prakashan, Patna},
  year         = {2004}
}

@book{ilaiah2009posthindu,
  author = {Ilaiah, K},
  title = {Post-Hindu India a discourse on Dalit-Bahujan, socio-spiritual and scientific revolution},
  publisher = {SAGE Publications},
  year = {2009},
  address = {New Delhi, India Thousand Oaks, Calif},
  isbn = {9788178299020}
}


@book{white2014,
  author = {White, Barbara},
  title = {Dalits and Adivasis in India's Business Economy : Three Essays and an Atlas},
  publisher = {Three Essays},
  year = {2014},
  address = {Gurgaon},
  isbn = {978-81-88789-86-3}
}

@article{prasad01,
  author="Chandra Bhan Prasad",
  title="Markets and Manu: Economic Reforms and Its Impact on Caste in India",
  year={2008},
  journal={Centre for Advanced Study in India, University of Pennsylvania, USA Working Paper},
  url={https://casi.sas.upenn.edu/content/markets-and-manu-economic-reforms-and-its-impact-caste-india-chandra-bhan-prasad}
}

@article{prasad02,
  author = "Chandra Bhan Prasad, Devesh Kapur, Lance Pritchett, D. Shyam Babu",
  title = {Rethinking Inequality: Dalits in Uttar Pradesh in the Market Reform Era},
  year = {2010},
  journal = {Economic and Political Weekly},
  volume = {45},
  number = {35},
  pages = {30-49}
}

@book{damodaran2008,
  author = {Damodaran, Harish},
  title = {India's New Capitalists : Caste, Business, and Industry in a Modern Nation},
  publisher = {Palgrave Macmillan},
  year = {2008},
  address = {Houndmills, Basingstoke, Hampshire},
  isbn = {978-0230205079}
}

@book{bayly1988,
  author = {Bayly, C. A.},
  title = {Rulers, townsmen, and bazaars : north Indian society in the age of British expansion, 1770-1870},
  publisher = {Cambridge University Press},
  year = {1988},
  address = {Cambridge New York},
  isbn = {9780521310543}
}

@book{thorat01,
  author = {Thorat, Sukhadeo},
  title = {Blocked by Caste : Economic Discrimination in Modern India},
  publisher = {Oxford University Press},
  year = {2012},
  address = {Oxford},
  isbn = {9780198081692}
}

@article{thorat02,
  author={Sukhdeo Thorat, Debolina Kundu and Nidhi Sadana},
  title={Caste and Ownership of Private Enterprises: Consequences of Denial of Property Rights},
  year={2012},
  journal={Blocked by Caste: Economic Discrimination in Modern India}
}

@book{singh2002birsa,
  author = {Singh, K. S.},
  title = {Birsa Munda and his movement, 1872-1901 : a study of a millenarian movement in Chotanagpur},
  publisher = {Seagull Books},
  year = {2002},
  address = {Calcutta},
  isbn = {9788170462057}
}

@book{gott2012britain's,
  author = {Gott, Richard},
  title = {Britain's empire : resistance, repression and revolt},
  publisher = {Verso},
  year = {2012},
  address = {London New York},
  isbn = {9781844670673}
}

@book{singh2008a,
  author = {Singh, Upinder},
  title = {A history of ancient and early medieval India : from the Stone Age to the 12th century},
  publisher = {Pearson Education},
  year = {2008},
  address = {New Delhi Upper Saddle River, NJ},
  isbn = {8131716775}
}

@book{shrimali201,
  author = {Shrimali, Krishna},
  title = {The Age of Iron and the Religious Revolution, c. 700 - c. 350 BC},
  publisher = {Aligarh Historians Society, Tulika Books},
  year = {2011},
  address = {Aligarh, New Delhi},
  isbn = {9788189487874}
}

@article{prakash01,
  title={The System of Credit in Mughal India},
  author={Om Prakash},
  journal= {Money and Credit in Indian History from Early Medieval Times},
  pages={40—57},
  year={2012}
}

@misc{aoccolumbia,
  author= {B. R. Ambedkar},
  title={The Annihilation of Caste},
  url = {http://ccnmtl.columbia.edu/projects/mmt/ambedkar/}
}

@book{timberg2014,
  author = {Timberg, Thomas},
  title = {The Marwaris : from Jagat Seth to the Birlas},
  publisher = {Allen Lane, an imprint of Penguin Books},
  year = {2014},
  address = {New Delhi},
  isbn = {9780670084982}
}


@book{markovits2008,
  author = {Markovits, Claude},
  title = {Merchants, traders, entrepreneurs Indian business in the colonial era},
  publisher = {Palgrave Macmillan},
  year = {2008},
  address = {Basingstoke England New York},
  isbn = {978-0-230-59486-9}
}

@book{markovits2002,
  author = {Markovits, Claude},
  title = {Indian business and nationalist politics 1931-1939 : the indigenous capitalist class and the rise of the Congress Party},
  publisher = {Cambridge University Press},
  year = {2002},
  address = {Cambridge New York},
  isbn = {0521016827}
}


@misc{patel,
  author={Aakar Patel},
  title= {Why caste persists in politics},
  url={http://www.thehindu.com/todays-paper/tp-opinion/why-caste-persists-in-politics/article2940080.ece},
  note={Last Accessed 27/03/2016}
}

@misc{russel,
  author={R. V. Russel},
  title={The Tribes and Castes of the Central Provinces of India, Part II, Volume II},
  url={http://www.gutenberg.org/files/20583/20583-h/20583-h.htm}
}

@misc{deccan,
  author={Deccan Riots Commission},
  title={Report of the Commission Appointed in India to Inquire into the Causes of the Riots which took place in the Year 1875, in the Poona and Ahmednagar Districts of the Bombay Presidency},
  url={http://www.ispepune.org.in/issue-2010/documentation.pdf}
}

@misc{barot,
  author={Rohit Barot},
  title={Warriors and Merchants: Gujarati Sources on the History of Lohanas (Historical Self-identification of the UK Lohanas)},
  url={https://issuu.com/cosmicrohit/docs/historical_self-identification_of_the_uk_lohanas__}
}

@misc{ilaiah02,
  author={Kancha Ilaiah},
  title={Caste Control and FDI},
  publisher={Round Table India},
  date={May 7, 2013},
  url={http://roundtableindia.co.in/index.php?option=com_content&view=article&id=6529:caste-control-fdi&catid=118&Itemid=131},
  note={Last Accessed 27/03/2016}
}

@misc{prasad03,
  author={Chandra Bhan Prasad and Milind Kamble},
  title={To Empower Dalits, Do Away with India’s Antiquated Retail Trading System},
  publisher={Times of India},
  date={December 5, 2010},
  url={http://timesofindia.indiatimes.com/edit-page/To-empower-dalits-do-away-with-Indias-antiquated-retail-trading-system/articleshow/17482382.cms},
  note={Last Accessed 27/03/2016}
}

@article{teltumbde,
  author={Anand Teltumbde},
  title={FDI in Retail and Dalit Entrepreneurs},
  journal={Economic and Political Weekly},
  volume={XLVIII},
  number={3},
  pages={10-11}
}

@report{EPUMalaysia,
  author = {Economic Planning Unit },
  institution = {Prime Minister’s Department, Malaysia},
  title = {Malaysia: 30 Years of Poverty Reduction, Growth and Racial Harmony },
  type = {case study},
  year = {2004},
  url={http://web.worldbank.org/archive/website00819C/WEB/PDF/MALAYS-2.PDF}
}

@article{idrus,
  author={Durrishah bt. Idrus},
  title={New Economic Policy and the Birth of Malaysia’s Own Industrial Relations System},
  journal={Jurnal Kemanusiaan},
  volume={16},
  number={1},
  pages={1-28}
}

@book{mani2005,
  author = {Mani, Braj Ranjan},
  title = {Debrahmanising history : dominance and resistance in Indian society},
  publisher = {Manohar Publishers \& Distributors},
  year = {2005},
  address = {New Delhi},
  isbn = {8173046409}
}

@book{ambedkarriddles,
  author = {Ambedkar, B. R.},
  title = {Riddles in Hinduism},
  publisher = {ambedkar.org},
  url = "http://www.ambedkar.org/riddleinhinduism/21A1.Riddles%20in%20Hinduism%20PART%20I.htm",
  isbn = {1438251734}
}

@misc{indiainbusiness,
  author = {Ministry of External Affairs, Investment and Technology Promotion Division},
  title = {Retailing},
  publisher = {indianinbusiness.nic.in},
  url = {http://indiainbusiness.nic.in/newdesign/index.php?param=industryservices_landing/383/3},
  note = {Last Accessed 31/03/2016}
}

@report{kpmg,
  author = {KPMG},
  title = {Indian Retail: The Next Growth Story},
  year = {2014},
  url = {https://www.kpmg.com/IN/en/IssuesAndInsights/ArticlesPublications/Documents/BBG-Retail.pdf}
}

@misc{hindufdi,
  author={Press Trust of India},
  title={Single-Brand Retail a Non-Starter, Only 700 Crore FDI in 9 Years},
  publisher={The Hindu},
  date={July 19, 2015},
  url={http://www.thehindu.com/business/Industry/singlebrand-retail-a-nonstarter-only-rs-700-crore-fdi-in-9-years/article7440424.ece},
  note={Last Accessed 31/03/2016}
}


