@book{kumari01,
  author       = {Seema Kumari},
  title        = {Industries in Ancient India, 600 BC-500 AD},
  publisher    = {Janaki Prakashan, Patna},
  year         = {2004}
}

@book{kumari02,
  author       = {Seema Kumari},
  title        = {प्राचीन भारत में उद्योग},
  publisher    = {Janaki Prakashan, Patna},
  langid       = {urdu},
  year         = {2004}
}
